@article{ekkel2017nearby,
  title={Nearby green space and human health: Evaluating accessibility metrics},
  author={Ekkel, E Dinand and de Vries, Sjerp},
  journal={Landscape and urban planning},
  volume={157},
  pages={214--220},
  year={2017},
  publisher={Elsevier}
}


@article{jones1981accessibility,
  title={Accessibility measures: a literature review},
  author={Jones, SR},
  journal={Publication of: Transport and Road Research Laboratory},
  number={TRRL LR 967 Monograph},
  year={1981}
}

@inproceedings{10.1145/1090785.1090831,
author = {Soiffer, Neil},
title = {MathPlayer: Web-Based Math Accessibility},
year = {2005},
isbn = {1595931597},
publisher = {Association for Computing Machinery},
address = {New York, NY, USA},
url = {https://doi.org/10.1145/1090785.1090831},
doi = {10.1145/1090785.1090831},
abstract = {MathPlayer is a plug-in to Microsoft's Internet Explorer (IE) that renders MathML[11] visually. It also contains a number of features that make mathematical expressions accessible to people with print-disabilities. MathPlayer integrates with many screen readers including JAWS and Window-Eyes. MathPlayer also works with a number of TextHELP!'s learning disabilities products.},
booktitle = {Proceedings of the 7th International ACM SIGACCESS Conference on Computers and Accessibility},
pages = {204â€“205},
numpages = {2},
keywords = {assistive technology, print disabilities, MathML, visual impairments, math accessibility},
location = {Baltimore, MD, USA},
series = {Assets '05}
}